@misc{GCC,
  key = {GCC},
  title = {Other Built-in Functions Provided by GCC},
  howpublished = {\url{https://gcc.gnu.org/onlinedocs/gcc/Other-Builtins.html}},
  year = "2017 (accessed 2017-12-03)"
}
@misc{Clang,
  key = {Clang},
  title = {Attributes in Clang -- Clang 6 documentation},
  howpublished = {\url{https://clang.llvm.org/docs/AttributeReference.html}},
  year = "2017 (accessed 2017-12-03)"
}
@misc{ICC,
  key = {ICC},
  title = {Data Alignment to Assist Vectorization},
  howpublished = {\url{https://software.intel.com/en-us/articles/data-alignment-to-assist-vectorization}},
  year = "2015 (accessed 2017-12-03)"
}
@misc{Smith2017,
  key = {Smith2017},
  author = {Richard Smith},
  title = {{Working Draft, Standard for Programming Language C++}},
  howpublished = {\url{https://github.com/cplusplus/draft}},
  year = "2017 (accessed 2017-12-07)"
}
@misc{P0147R0,
  key = {P0147R0},
  author = {G. Dos Reis and J.~D. Garcia and J. Lakos and A. Meredith and N. Myers and B. Stroustrup},
  title = {{A Contract Design}},
  howpublished = {\url{http://www.open-std.org/jtc1/sc22/wg21/docs/papers/2016/p0380r1.pdf}},
  year = "2016 (accessed 2018-01-11)"
}
@misc{P0542R2,
  key = {P0542R2},
  author = {G. Dos Reis and J.~D. Garcia and J. Lakos and A. Meredith and N. Myers and B. Stroustrup},
  title = {{Support for contract based programming in C++}},
  howpublished = {\url{http://www.open-std.org/jtc1/sc22/wg21/docs/papers/2017/p0542r2.html}},
  year = "2017 (accessed 2018-01-11)"
}
@misc{P0542R5,
  key = {P0542R5},
  author = {G. Dos Reis and J.~D. Garcia and J. Lakos and A. Meredith and N. Myers and B. Stroustrup},
  title = {{Support for contract based programming in C++}},
  howpublished = {\url{http://www.open-std.org/jtc1/sc22/wg21/docs/papers/2018/p0542r5.html}},
  year = "2018-06-08"
}
@misc{OpenMP,
  key = {OpenMP},
  title = {{User and Reference Guide for the Intel C++ Compiler 15.0: omp simd}},
  howpublished = {\url{https://software.intel.com/en-us/node/524530}},
  year = "2018 (accessed 2018-01-11)"
}
@misc{Fortran,
  key = {OpenMP},
  title = {{Intel Fortran Compiler 17.0 Developer and Reference Guide: ASSUME_ALIGNED}},
  howpublished = {\url{https://software.intel.com/en-us/node/679017}},
  year = "2018 (accessed 2018-01-11)"
}


@misc{Brown2014,
  key = {Brown2014},
  author = {Walter E. Brown},
  title = {{Modern Template Metaprogramming: A Compendium}},
  howpublished = {\url{https://www.youtube.com/watch?v=Am2is2QCvxY}},
  year = "2014 (accessed 2018-03-18)"
}
@misc{Smith2018,
  key = {Smith2018},
  author = {Richard Smith},
  title = {{Working Draft, Standard for Programming Language C++}},
  howpublished = {\url{https://github.com/cplusplus/draft}},
  year = "2018 (accessed 2018-03-18)"
}
@misc{JuceScopedPointer,
  key = {JuceScopedPointer},
  author = {JUCE API Reference},
  title = {{Class ScopedPointer}},
  howpublished = {\url{https://juce.com/doc/classScopedPointer}},
  year = "2017 (accessed 2018-03-18)"
}
@misc{N3766,
  key = {N3766},
  author = {Jeffrey Yasskin},
  number = {N3766},
  title = {{The identity type transformation}},
  howpublished = {\url{https://wg21.link/n3766}},
  year = "2013 (accessed 2018-03-18)"
}
@misc{P0091,
  key = {P0091},
  author = {Mike Spertus and Faisal Vali and Richard Smith},
  number = {P0091},
  title = {{Template argument deduction for class templates (Rev. 7): Deleted deduction guides}},
  howpublished = {\url{https://wg21.link/p0091}},
  year = "2017 (accessed 2018-03-18)"
}
@misc{P0949,
  key = {P0949},
  author = {Peter Dimov},
  number = {P0949},
  title = {{Adding support for type-based metaprogramming to the standard library}},
  howpublished = {\url{https://wg21.link/p0949}},
  year = "2018 (accessed 2018-03-18)"
}
@misc{N1856,
  key = {N1856},
  author = {Howard E. Hinnant},
  number = {N1856},
  title = {{Rvalue Reference Recommendations for Chapter 20}},
  howpublished = {\url{https://wg21.link/n1856}},
  year = "2005 (accessed 2018-03-18)"
}
@misc{N2284,
  key = {N2284},
  author = {Pete Becker},
  number = {N2284},
  title = {{Working Draft, Standard for Programming Language C++}},
  howpublished = {\url{https://wg21.link/n2284}},
  year = "2007 (accessed 2018-03-18)"
}
@misc{N4685,
  key = {N4685},
  author = {Eric Niebler},
  number = {N4685},
  title = {{Working Draft, C++ Extensions for Ranges}},
  howpublished = {\url{https://wg21.link/n4685}},
  year = "2017 (accessed 2018-03-18)"
}
@misc{700,
  key = {700},
  author = {P.J. Plauger},
  title = {{Defect Report 700. N1856 defines struct identity}},
  howpublished = {\url{http://cplusplus.github.io/LWG/lwg-defects.html#700}},
  year = "2007 (accessed 2018-03-18)"
}
@misc{823,
  key = {Defect823},
  author = {Walter E. Brown},
  title = {{Defect Report 823. identity<void> seems broken}},
  howpublished = {\url{http://cplusplus.github.io/LWG/lwg-defects.html#823}},
  year = "2008 (accessed 2018-03-18)"
}
@misc{939,
  key = {Defect939},
  author = {Alisdair Meredith},
  title = {{Defect Report 939. Problem with std::identity and reference-to-temporaries}},
  howpublished = {\url{http://cplusplus.github.io/LWG/lwg-defects.html#939}},
  year = "2008 (accessed 2018-03-18)"
}
@misc{Boost.MPL,
  key = {Boost.MPL},
  author = {Boost},
  title = {{MPL Documentation}},
  howpublished = {\url{http://www.boost.org/doc/libs/1_48_0/libs/mpl/doc/refmanual/identity.html}},
  year = "2009 (accessed 2018-03-18)"
}
@misc{Boost.Hana,
  key = {Boost.Hana},
  author = {Boost},
  title = {{Hana Documentation}},
  howpublished = {\url{http://www.boost.org/doc/libs/1_63_0/libs/hana/doc/html/structboost_1_1hana_1_1type.html}},
  year = "2007 (accessed 2018-03-18)"
}
@misc{Boost.TypeTraits,
  key = {Boost.TypeTraits},
  author = {Boost},
  title = {{Type Traits Documentation}},
  howpublished = {\url{http://www.boost.org/doc/libs/1_66_0/libs/type_traits/doc/html/index.html}},
  year = "2011 (accessed 2018-03-18)"
}
@misc{Boost,
  key = {Boost},
  author = {Boost},
  title = {{Type Documentation}},
  howpublished = {\url{http://www.boost.org/doc/libs/1_66_0/boost/type.hpp}},
  year = "2001 (accessed 2018-03-18)"
}
@misc{Meta,
  key = {Meta},
  author = {Eric Niebler},
  title = {{Meta: A tiny metaprogramming library}},
  howpublished = {\url{https://github.com/ericniebler/meta}},
  year = "2017 (accessed 2018-03-18)"
}
@misc{Brigand,
  key = {Brigand},
  author = {Edouard Alligand},
  title = {{Brigand Meta-programming library}},
  howpublished = {\url{https://github.com/edouarda/brigand}},
  year = "2017 (accessed 2018-03-18)"
}
@misc{Erasure,
  key = {Erasure},
  author = {Ga{\v s}per A{\v z}man},
  title = {{liberasure: A no-dependencies C++ extensible type erasure library}},
  howpublished = {\url{https://github.com/atomgalaxy/liberasure/}},
  year = "2017 (accessed 2018-03-18)"
}
@misc{Mp11,
  key = {Mp11},
  author = {Peter Dimov},
  title = {{Mp11, a C++11 metaprogramming library}},
  howpublished = {\url{https://github.com/boostorg/mp11}},
  year = "2018 (accessed 2018-03-18)"
}



@misc{Smith2018,
  key = {Smith2018},
  author = {Richard Smith},
  title = {{Working Draft, Standard for Programming Language C++}},
  howpublished = {\url{https://github.com/cplusplus/draft}},
  year = "2018-06-25"
}

@misc{P0886R0,
  key = {P0886R0},
  author = {Timur Doumler},
  title = {{The assume aligned attribute}},
  howpublished = {\url{http://www.open-std.org/jtc1/sc22/wg21/docs/papers/2018/p0886r0.pdf}},
  year = "2018-02-12"
}

@misc{N3279,
  key = {N3279},
  author = {Alisdair Meredith and John Lakos},
  title = {{Conservative use of noexcept in the library}},
  howpublished = {\url{http://www.open-std.org/jtc1/sc22/wg21/docs/papers/2011/n3279.pdf}},
  year = "2011-03-25"
}

@misc{P0884R0,
  key = {P0884R0},
  author = {Nicolai Josuttis},
  title = {{Extending the noexcept Policy, Rev0}},
  howpublished = {\url{http://www.open-std.org/jtc1/sc22/wg21/docs/papers/2018/p0884r0.pdf}},
  year = "2018-02-12"
}


@misc{Smith2018,
  key = {Smith2018},
  author = {Richard Smith},
  title = {{Working Draft, Standard for Programming Language C++}},
  howpublished = {\url{https://github.com/cplusplus/draft}},
  year = "2018 (accessed 2018-06-08)"
}
@misc{P0960,
  key = {P0960},
  author = {Ville Voutilainen},
  title = {{Allow initializing aggregates from a parenthesized list of values}},
  howpublished = {\url{http://www.open-std.org/jtc1/sc22/wg21/docs/papers/2018/p0960r0.html}},
  year = "2018 (accessed 2018-06-08)"
}
@misc{P0017,
  key = {P0017},
  author = {Oleg Smolsky},
  title = {{Extension to aggregate initialization}},
  howpublished = {\url{http://www.open-std.org/jtc1/sc22/wg21/docs/papers/2015/p0017r1.html}},
  year = "2015 (accessed 2018-06-08)"
}
@misc{P0398,
  key = {P0398},
  author = {Jens Maurer},
  title = {{Core issue 1518: Explicit default constructors and copy-list-initialization}},
  howpublished = {\url{http://www.open-std.org/jtc1/sc22/wg21/docs/papers/2016/p0398r0.html}},
  year = "2016 (accessed 2018-06-08)"
}
@misc{N3653,
  key = {N3653},
  author = {Ville Voutilainen and Richard Smith},
  title = {{Member initializers and aggregates}},
  howpublished = {\url{http://www.open-std.org/jtc1/sc22/wg21/docs/papers/2013/n3653.html}},
  year = "2013 (accessed 2018-06-08)"
}
@misc{N3605,
  key = {N3605},
  author = {Ville Voutilainen},
  title = {{Member initializers and aggregates}},
  howpublished = {\url{http://www.open-std.org/jtc1/sc22/wg21/docs/papers/2013/n3605.html}},
  year = "2013 (accessed 2018-06-08)"
}
@misc{N2346,
  key = {N2346},
  author = {Lawrence Crowl},
  title = {{Defaulted and Deleted Functions}},
  howpublished = {\url{http://www.open-std.org/jtc1/sc22/wg21/docs/papers/2007/n2346.htm}},
  year = "2007 (accessed 2018-06-08)"
}
@misc{CWG886,
  key = {CWG886},
  author = {Daniel Kr\"ugler},
  title = {{Core Defect 886: Member initializers and aggregates}},
  howpublished = {\url{http://www.open-std.org/jtc1/sc22/wg21/docs/cwg_defects.html#886}},
  year = "2009 (accessed 2018-06-08)"
}
@misc{CWG1355,
  key = {CWG1355},
  author = {Sean Hunt},
  title = {{Core Defect 1355: Aggregates and ``user-provided'' constructors}},
  howpublished = {\url{http://www.open-std.org/jtc1/sc22/wg21/docs/cwg_defects.html#1355}},
  year = "2011 (accessed 2018-06-08)"
}
@misc{CWG1578,
  key = {CWG1578},
  author = {Alisdair Meredith},
  title = {{Core Defect 1578: Value-initialization of aggregates}},
  howpublished = {\url{http://www.open-std.org/jtc1/sc22/wg21/docs/cwg_closed.html#1578}},
  year = "2012 (accessed 2018-06-08)"
}
@misc{CWG1301,
  key = {CWG1301},
  author = {Jason Merrill},
  title = {{Core Defect 1301: Value initialization of union}},
  howpublished = {\url{http://www.open-std.org/jtc1/sc22/wg21/docs/cwg_defects.html#1301}},
  year = "2011 (accessed 2018-06-08)"
}
@misc{CWG2467,
  key = {CWG2467},
  author = {Richard Smith},
  title = {{Core Defect 2467: CTAD for alias templates and the deducible check}},
  howpublished = {\url{https://www.open-std.org/jtc1/sc22/wg21/docs/cwg_active.html#2467}},
  year = "2019-08-12 (accessed 2022-05-20)"
}

@misc{Smith2018,
  key = {Smith2019},
  author = {Richard Smith},
  title = {{Working Draft, Standard for Programming Language C++}},
  howpublished = {\url{https://github.com/cplusplus/draft}},
  year = "2019-02-22"
}
@misc{P0960,
  key = {P0960},
  author = {{Ville Voutilainen} and {Thomas K\"oppe}},
  title = {{Allow initializing aggregates from a parenthesized list of values}},
  howpublished = {\url{http://www.open-std.org/jtc1/sc22/wg21/docs/papers/2019/p0960r2.html}},
  year = "2019-01-21"
}
@misc{P0965,
  key = {P0965},
  author = {Ville Voutilainen},
  title = {{Initializers of objects with automatic and dynamic storage duration have funny inconsistencies}},
  howpublished = {\url{http://www.open-std.org/jtc1/sc22/wg21/docs/papers/2018/p0965r0.html}},
  year = "2018-02-12"
}

@misc{Smith2018,
  key = {Smith2018},
  author = {Richard Smith},
  title = {{Working Draft, Standard for Programming Language C++}},
  howpublished = {\url{https://github.com/cplusplus/draft}},
  year = "2018"
}
@misc{P1061R0,
  key = {P1061},
  author = {Barry Revzin and Jonathan Wakely},
  title = {{Structured Bindings can introduce a Pack}},
  howpublished = {\url{http://open-std.org/JTC1/SC22/WG21/docs/papers/2018/p1061r0.html}},
  year = "2018"
}
@misc{P1091R0,
  key = {P1091},
  author = {Nicolas Lesser},
  title = {{Extending structured bindings to be more like variable declarations}},
  howpublished = {\url{http://open-std.org/JTC1/SC22/WG21/docs/papers/2018/p1091r0.html}},
  year = "2018"
}
@misc{P0144R2,
  key = {P0144},
  author = {Herb Sutter and Bjarne Stroustrup and Gabriel Dos Reis},
  title = {{Structured bindings}},
  howpublished = {\url{http://www.open-std.org/jtc1/sc22/wg21/docs/papers/2016/p0144r2.pdf}},
  year = "2016"
}



@misc{Smith2019,
  key = {Smith2019},
  author = {Richard Smith},
  title = {{Working Draft, Standard for Programming Language C++}},
  howpublished = {\url{https://github.com/cplusplus/draft}},
  year = "2019-05-24"
}
@misc{Regehr2014,
  key = {Regehr2014},
  author = {{John Regehr}},
  title = {{Assertions Are Pessimistic, Assumptions Are Optimistic}},
  howpublished = {\url{https://blog.regehr.org/archives/1096}},
  year = "2014-02-05"
}
@misc{N4425,
  key = {N4425},
  author = {Hal Finkel},
  title = {{Generalized Dynamic Assumptions}},
  howpublished = {\url{http://www.open-std.org/jtc1/sc22/wg21/docs/papers/2015/n4425.pdf}},
  year = "2015­-04-­07"
}
@misc{P0627R3,
  key = {P0627R3},
  author = {Melissa Mears},
  title = {{Function to mark unreachable code}},
  howpublished = {\url{http://www.open-std.org/jtc1/sc22/wg21/docs/papers/2018/p1007r3.pdf}},
  year = "2018-10-08"
}

@misc{P1007R3,
  key = {P1007R3},
  author = {{Timur Doumler} and {Chandler Carruth}},
  title = {{std::assume_aligned}},
  howpublished = {\url{http://www.open-std.org/jtc1/sc22/wg21/docs/papers/2018/p1007r3.pdf}},
  year = "2018-11-07"
}
@misc{P0479R5,
  key = {P0479R5},
  author = {Clay Trychta},
  title = {{Proposed wording for likely and unlikely attributes (Revision 5)}},
  howpublished = {\url{http://www.open-std.org/jtc1/sc22/wg21/docs/papers/2018/p0479r5.html}},
  year = "2018-03-16"
}
@misc{P1607R0,
  key = {P1607R0},
  author = {{Joshua Berne} and {Jeff Snyder} and {Ryan McDougall}},
  title = {{Minimizing Contracts}},
  howpublished = {\url{http://www.open-std.org/jtc1/sc22/wg21/docs/papers/2019/p1607r0.pdf}},
  year = "2019-03-10"
}
@misc{P1429R2,
  key = {P1429R2},
  author = {{Joshua Berne} and {John Lakos}},
  title = {{Contracts That Work}},
  howpublished = {\url{http://www.open-std.org/jtc1/sc22/wg21/docs/papers/2019/p1429r2.pdf}},
  year = "2019-06-14"
}
@misc{P0681R0,
  key = {P0681R0},
  author = {{Lisa Lippincott}},
  title = {{Precise Semantics for Assertions}},
  howpublished = {\url{http://www.open-std.org/jtc1/sc22/wg21/docs/papers/2017/p0681r0.pdf}},
  year = "2017-06-16"
}
@misc{P0886R0,
  key = {P0886R0},
  author = {{Timur Doumler}},
  title = {{The assume aligned attribute}},
  howpublished = {\url{http://www.open-std.org/jtc1/sc22/wg21/docs/papers/2018/p0886r0.pdf}},
  year = "2018-02-12"
}
@misc{P1773R0,
  key = {P1773R0},
  author = {{Timur Doumler}},
  title = {{Contracts have failed to provide a portable ``assume''}},
  howpublished = {\url{http://www.open-std.org/jtc1/sc22/wg21/docs/papers/2019/p1773r0.pdf}},
  year = "2019-06-17"
}
@misc{P1774R0,
  key = {P1774R0},
  author = {{Timur Doumler}},
  title = {{Portable optimisation hints}},
  howpublished = {\url{http://www.open-std.org/jtc1/sc22/wg21/docs/papers/2017/p1774r0.pdf}},
  year = "2019-06-17"
}
@misc{P1774R6,
  key = {P1774R6},
  author = {{Timur Doumler}},
  title = {{Portable assumptions}},
  howpublished = {\url{http://www.open-std.org/jtc1/sc22/wg21/docs/papers/2022/p1774r6.pdf}},
  year = "2022-02-15"
}
@misc{N4849,
  key = {N4849},
  author = {Richard Smith},
  title = {{Working Draft, Standard for Programming Language C++}},
  howpublished = {\url{http://www.open-std.org/jtc1/sc22/wg21/docs/papers/2020/n4849.pdf}},
  year = "2020-01-14"
}

@misc{P0476R2,
  key = {P0476R2},
  author = {{JF Bastien}},
  title = {{Bit-casting object representations}},
  howpublished = {\url{http://www.open-std.org/jtc1/sc22/wg21/docs/papers/2018/p0476r2.html}},
  year = "2017-11-10"
}
@misc{P0593R4,
  key = {P0593R4},
  author = {{Richard Smith}},
  title = {{Implicit creation of objects for low-level object manipulation}},
  howpublished = {\url{http://www.open-std.org/jtc1/sc22/wg21/docs/papers/2019/p0593r4.html}},
  year = "2019-06-16"
}
@misc{P0593R6,
  key = {P0593R6},
  author = {{Richard Smith}},
  title = {{Implicit creation of objects for low-level object manipulation}},
  howpublished = {\url{https://www.open-std.org/jtc1/sc22/wg21/docs/papers/2020/p0593r6.html}},
  year = "2020-02-14"
}
@misc{P1839R0,
  key = {P1839R0},
  author = {{Krystian Stasiowski}},
  title = {{Accessing Object Representations}},
  howpublished = {\url{http://www.open-std.org/jtc1/sc22/wg21/docs/papers/2019/p1839r0.pdf}},
  year = "2019-07-30"
}


@misc{N4820,
  key = {N4820},
  author = {Richard Smith},
  title = {{Working Draft, Standard for Programming Language C++}},
  howpublished = {\url{http://www.open-std.org/jtc1/sc22/wg21/docs/papers/2019/n4820.pdf}},
  year = "2019-06-17"
}
@misc{P1021R4,
  key = {P1021R4},
  author = {{Mike Spertus} and {Timur Doumler} and {Richard Smith}},
  title = {{Filling holes in Class Template Argument Deduction}},
  howpublished = {\url{http://www.open-std.org/jtc1/sc22/wg21/docs/papers/2019/p1021r4.html}},
  year = "2019-06-17"
}

@misc{P1021R5,
  key = {P1021R5},
  author = {{Mike Spertus} and {Timur Doumler} and {Richard Smith}},
  title = {{Filling holes in Class Template Argument Deduction}},
  howpublished = {\url{http://www.open-std.org/jtc1/sc22/wg21/docs/papers/2019/p1021r5.html}},
  year = "2019-08-15"
}
@misc{P1021R6,
  key = {P1021R6},
  author = {{Mike Spertus} and {Timur Doumler} and {Richard Smith}},
  title = {{Filling holes in Class Template Argument Deduction}},
  howpublished = {\url{http://www.open-std.org/jtc1/sc22/wg21/docs/papers/2022/p1021r6.html}},
  year = "2022-05-15"
}

@misc{P1816R0,
  key = {P1816R0},
  author = {{Timur Doumler}},
  title = {{Wording for class template argument deduction for aggregates}},
  howpublished = {\url{http://www.open-std.org/jtc1/sc22/wg21/docs/papers/2019/p1816r0.pdf}},
  year = "2019-07-70"
}




@misc{N4849,
  key = {N4849},
  author = {Richard Smith},
  title = {{Working Draft, Standard for Programming Language C++}},
  howpublished = {\url{http://www.open-std.org/jtc1/sc22/wg21/docs/papers/2020/n4849.pdf}},
  year = "2020-01-14"
}


@misc{P2064R0,
  key = {P2064R0},
  author = {Herb Sutter},
  title = {{Assumptions}},
  howpublished = {\url{http://www.open-std.org/jtc1/sc22/wg21/docs/papers/2020/p2064r0.pdf}},
  year = "2020-01-13"
}
@misc{P0627R6,
  key = {P0627R6},
  author = {{Melissa Mears} and {Jens Maurer}},
  title = {{Function to mark unreachable code}},
  howpublished = {\url{http://www.open-std.org/jtc1/sc22/wg21/docs/papers/2021/p0627r6.pdf}},
  year = "2021-10-15"
}
@misc{P2358R0,
  key = {P2358R0},
  author = {{Ga{\v s}per A{\v z}man} and {John McFarlane} and {Bronek Kozicki}},
  title = {{Defining contracts}},
  howpublished = {\url{http://www.open-std.org/jtc1/sc22/wg21/docs/papers/2021/p2358r0.pdf}},
  year = "2020-01-14"
}

@misc{N4892,
  key = {N4892},
  author = {Thomas K\" oppe},
  title = {{Working Draft, Standard for Programming Language C++}},
  howpublished = {\url{http://www.open-std.org/jtc1/sc22/wg21/docs/papers/2021/n4892.pdf}},
  year = "2021-06-18"
}
@misc{N4910,
  key = {N4910},
  author = {Thomas K\" oppe},
  title = {{Working Draft, Standard for Programming Language C++}},
  howpublished = {\url{http://www.open-std.org/jtc1/sc22/wg21/docs/papers/2022/n4910.pdf}},
  year = "2022-03-17"
}
@misc{P2358R0,
  key = {P2358R0},
  author = {{Ga{\v s}per A{\v z}man} and {John McFarlane} and {Bronek Kozicki}},
  title = {{Defining contracts}},
  howpublished = {\url{http://www.open-std.org/jtc1/sc22/wg21/docs/papers/2021/p2358r0.pdf}},
  year = "2020-01-14"
}
@misc{P2388R4,
  key = {P2388R4},
  author = {{Andrzej Krzemie\' nski} and {Ga{\v s}per A{\v z}man}},
  title = {{Minimum Contract Support: either \emph{No_eval} or \emph{Eval_and_abort}
 contracts}},
  howpublished = {\url{http://www.open-std.org/jtc1/sc22/wg21/docs/papers/2021/p2388r4.html}},
  year = "2021-11-15"
}
@misc{P2461R1,
  key = {P2461R1},
  author = {{Andrzej Krzemie\' nski}},
  title = {{Attribute-like syntax for contract annotations}},
  howpublished = {\url{http://www.open-std.org/jtc1/sc22/wg21/docs/papers/2021/p2487r0.html}},
  year = "2021-11-12"
}
@misc{P2487R0,
  key = {P2487R0},
  author = {{Ga{\v s}per A{\v z}man} and {Caleb Sunstrum} and {Bronek Kozicki}},
  title = {{Closure-Based Syntax for Contracts}},
  howpublished = {\url{http://www.open-std.org/jtc1/sc22/wg21/docs/papers/2021/p2461r1.pdf}},
  year = "2021-11-15"
}
@misc{Amini2021,
  key = {Amini2021},
  author = {{Parsa Amini}},
  title = {{Asserting Your Way To Faster Programs}},
  howpublished = {CppCon talk},
  year = "2021-10-28"
}

@misc{P1144R5,
  key = {P1144R5},
  author = {{Arthur O'Dwyer}},
  title = {{Object relocation in terms of move plus destroy}},
  howpublished = {\url{http://www.open-std.org/jtc1/sc22/wg21/docs/papers/2020/p1144r5.html}},
  year = "2020-03-01"
}
@misc{OpenMP5.1,
  key = {OpenMP5.1},
  title = {{OpenMP Application Programming Interface, Version 5.1}},
  howpublished = {\url{https://www.openmp.org/wp-content/uploads/OpenMP-API-Specification-5-1.pdf}},
  year = "2020-11"
}

@misc{P2507R1,
  key = {P2507R1},
  author = {{Peter Brett}},
  title = {{Limit \tcode{[[assume]]} to conditional-expressions}},
  howpublished = {\url{http://www.open-std.org/jtc1/sc22/wg21/docs/papers/2022/p2507r1.pdf}},
  year = "2021-12-15"
}

@misc{P2552R0,
  key = {P2552R0},
  author = {{Timur Doumler}},
  title = {{On the ignorability of standard attributes}},
  howpublished = {\url{http://www.open-std.org/jtc1/sc22/wg21/docs/papers/2022/p2552r0.pdf}},
  year = "2022-02-15"
}

@misc{P1018R15,
  key = {P1018R15},
  author = {{JF Bastien}},
  title = {{C++ Language Evolution status pandemic edition 2022/01–2022/02}},
  howpublished = {\url{http://www.open-std.org/jtc1/sc22/wg21/docs/papers/2022/p1018r15.html}},
  year = "2022-02-15"
}


@misc{N2761,
  key = {N2761},
  author = {{Jens Maurer} and {Michael Wong}},
  title = {{Towards support for attributes in C++ (Revision 6)}},
  howpublished = {\url{http://www.open-std.org/jtc1/sc22/wg21/docs/papers/2008/n2761.pdf}},
  year = "2008-09-18"
}
@misc{N3190,
  key = {N3190},
  author = {{Lawrence Crowl} and {Daveed Vandevoorde}},
  title = {{C and C++ Alignment Compatibility}},
  howpublished = {\url{http://www.open-std.org/jtc1/sc22/wg21/docs/papers/2010/n3190.htm}},
  year = "2008-09-18"
}

@misc{CWG2538,
  key = {CWG2538},
  author = {{Jens Maurer}},
  title = {{Core issue 2538. Can standard attributes be syntactically ignored?}},
  howpublished = {\url{https://cplusplus.github.io/CWG/issues/2538.html}},
  year = "2022-03-26"
}


